<marc:collection xmlns:marc="http://www.loc.gov/MARC21/slim" xmlns:xsi="http://www.w3.org/2001/XMLSchema-instance" xsi:schemaLocation="http://www.loc.gov/MARC21/slim http://www.loc.gov/standards/marcxml/schema/MARC21slim.xsd">
    <marc:record type="Bibliographic">
        <marc:leader>02050cem a2200361 a 4500</marc:leader>
        <marc:controlfield tag="001">5625565</marc:controlfield>
        <marc:controlfield tag="005">20090710090105.0</marc:controlfield>
        <marc:controlfield tag="007">aj canzn</marc:controlfield>
        <marc:controlfield tag="008">081215s1874    gw dg           0   ger  </marc:controlfield>
        <marc:datafield tag="024" ind1="0" ind2=" ">
            <marc:subfield code="a">HM 2009-23</marc:subfield>
        </marc:datafield>
        <marc:datafield tag="034" ind1="1" ind2=" ">
            <marc:subfield code="a">a</marc:subfield>
            <marc:subfield code="b">40000000</marc:subfield>
            <marc:subfield code="d">W1800000</marc:subfield>
            <marc:subfield code="e">E1800000</marc:subfield>
            <marc:subfield code="f">S0300000</marc:subfield>
            <marc:subfield code="g">S0900000</marc:subfield>
        </marc:datafield>
        <marc:datafield tag="040" ind1=" " ind2=" ">
            <marc:subfield code="a">NjP</marc:subfield>
            <marc:subfield code="c">NjP</marc:subfield>
        </marc:datafield>
        <marc:datafield tag="043" ind1=" " ind2=" ">
            <marc:subfield code="a">t------</marc:subfield>
            <marc:subfield code="a">xc-----</marc:subfield>
        </marc:datafield>
        <marc:datafield tag="100" ind1="1" ind2=" ">
            <marc:subfield code="a">Petermann, A.</marc:subfield>
            <marc:subfield code="q">(August),</marc:subfield>
            <marc:subfield code="d">1822-1878.</marc:subfield>
        </marc:datafield>
        <marc:datafield tag="245" ind1="1" ind2="0">
            <marc:subfield code="a">Süd-Polar-Karte</marc:subfield>
            <marc:subfield code="h">[map] /</marc:subfield>
            <marc:subfield code="c">von A. Petermann ; gez. v. Ernst Debes ; gest. v. H. Alt u. Stichart.</marc:subfield>
        </marc:datafield>
        <marc:datafield tag="255" ind1=" " ind2=" ">
            <marc:subfield code="a">Scale 1:40,000,000</marc:subfield>
            <marc:subfield code="c">(W 180⁰--E 180⁰/S 30⁰--S 90⁰).</marc:subfield>
        </marc:datafield>
        <marc:datafield tag="260" ind1=" " ind2=" ">
            <marc:subfield code="a">Gotha :</marc:subfield>
            <marc:subfield code="b">Justus Perthes,</marc:subfield>
            <marc:subfield code="c">1874.</marc:subfield>
        </marc:datafield>
        <marc:datafield tag="300" ind1=" " ind2=" ">
            <marc:subfield code="a">1 map :</marc:subfield>
            <marc:subfield code="b">col. ;</marc:subfield>
            <marc:subfield code="c">34 cm. in diam., on sheet 35 x 42 cm.</marc:subfield>
        </marc:datafield>
        <marc:datafield tag="500" ind1=" " ind2=" ">
            <marc:subfield code="a">Relief shown by hachures and spot heights.</marc:subfield>
        </marc:datafield>
        <marc:datafield tag="500" ind1=" " ind2=" ">
            <marc:subfield code="a">Inset maps: S. Shetland &amp; S. Orkney Inseln &amp;c. Scale 1:10,000,000 -- Süd-Georgien. Scale 1:5,000,000 -- Deception I. Scale 1:1,000,000 -- Juan Fernandez. Scale 1:1,000,000 -- Auckland In. Scale 1:2,000,000 -- Warekauri In. Scale 1:2,000,000 -- Süd-Polar-Regionen. Scale 1:170,000,000 -- Nord-Polar Regionen. Scale 1:170,000,000 -- Victoria Land. Scale 1:10,000,000 -- Neu Amsterdam &amp; St. Paul. Scale 1:1,000,000 -- Prinz Eduard In. Scale 1:3,000,000 -- Crozet Inseln. Scale 1:3,000,000 -- Kerguelen Insel. Scale 1:2,000,000 -- Tristan da Cunha I. Scale 1:1,000,000.</marc:subfield>
        </marc:datafield>
        <marc:datafield tag="500" ind1=" " ind2=" ">
            <marc:subfield code="a">In upper margin: Stieler's Hand-Atlas no. 42a.</marc:subfield>
        </marc:datafield>
        <marc:datafield tag="500" ind1=" " ind2=" ">
            <marc:subfield code="a">From: Hand-Atlas über alle Theile der Erde nach dem neuesten Zustande und über das Weltgebäude. Gotha : J. Perthes, [1874]</marc:subfield>
        </marc:datafield>
        <marc:datafield tag="651" ind1=" " ind2="0">
            <marc:subfield code="a">Antarctica</marc:subfield>
            <marc:subfield code="v">Maps.</marc:subfield>
        </marc:datafield>
        <marc:datafield tag="651" ind1=" " ind2="0">
            <marc:subfield code="a">Southern Hemisphere</marc:subfield>
            <marc:subfield code="v">Maps.</marc:subfield>
        </marc:datafield>
        <marc:datafield tag="655" ind1=" " ind2="7">
            <marc:subfield code="a">Maps</marc:subfield>
            <marc:subfield code="z">Antarctica</marc:subfield>
            <marc:subfield code="y">1874.</marc:subfield>
            <marc:subfield code="2">aat</marc:subfield>
        </marc:datafield>
        <marc:datafield tag="655" ind1=" " ind2="7">
            <marc:subfield code="a">Maps</marc:subfield>
            <marc:subfield code="z">Southern Hemisphere</marc:subfield>
            <marc:subfield code="y">1874.</marc:subfield>
            <marc:subfield code="2">aat</marc:subfield>
        </marc:datafield>
        <marc:datafield tag="700" ind1="1" ind2=" ">
            <marc:subfield code="a">Stieler, Adolf,</marc:subfield>
            <marc:subfield code="d">1775-1836.</marc:subfield>
        </marc:datafield>
        <marc:datafield tag="700" ind1="1" ind2=" ">
            <marc:subfield code="a">Debes, E.</marc:subfield>
            <marc:subfield code="q">(Ernst),</marc:subfield>
            <marc:subfield code="d">1840-1923.</marc:subfield>
        </marc:datafield>
        <marc:datafield tag="710" ind1="2" ind2=" ">
            <marc:subfield code="a">Justus Perthes (Firm : Gotha, Germany)</marc:subfield>
        </marc:datafield>
        <marc:datafield tag="700" ind1="1" ind2=" ">
            <marc:subfield code="a">Stieler, Adolf,</marc:subfield>
            <marc:subfield code="d">1775-1836.</marc:subfield>
            <marc:subfield code="t">Hand-Atlas.</marc:subfield>
        </marc:datafield>
        <marc:datafield tag="856" ind1="4" ind2="1">
            <marc:subfield code="z">See the map</marc:subfield>
            <marc:subfield code="u">http://gisserver.princeton.edu/map/22370</marc:subfield>
        </marc:datafield>
        <marc:datafield tag="904" ind1=" " ind2=" ">
            <marc:subfield code="a">twm</marc:subfield>
            <marc:subfield code="b">o</marc:subfield>
            <marc:subfield code="h">n</marc:subfield>
            <marc:subfield code="c">p</marc:subfield>
            <marc:subfield code="e">20081215</marc:subfield>
        </marc:datafield>
        <marc:datafield tag="902" ind1=" " ind2=" ">
            <marc:subfield code="a">gls</marc:subfield>
            <marc:subfield code="b">o</marc:subfield>
            <marc:subfield code="6">e</marc:subfield>
            <marc:subfield code="7">m</marc:subfield>
            <marc:subfield code="d">v</marc:subfield>
            <marc:subfield code="f">1</marc:subfield>
            <marc:subfield code="e">20081217</marc:subfield>
        </marc:datafield>
    </marc:record>
    <marc:record type="Holdings">
        <marc:leader>00172cx  a22000854  4500</marc:leader>
        <marc:controlfield tag="001">5734741</marc:controlfield>
        <marc:controlfield tag="004">5625565</marc:controlfield>
        <marc:controlfield tag="005">20081216150456.0</marc:controlfield>
        <marc:controlfield tag="008">0812150p    8   1001uu   0000000</marc:controlfield>
        <marc:datafield tag="852" ind1="8" ind2=" ">
            <marc:subfield code="b">map</marc:subfield>
            <marc:subfield code="h">HMC01.6420</marc:subfield>
        </marc:datafield>
    </marc:record>
    <marc:record type="Holdings">
        <marc:leader>00182nx  a22000854  4500</marc:leader>
        <marc:controlfield tag="001">7316427</marc:controlfield>
        <marc:controlfield tag="004">5625565</marc:controlfield>
        <marc:controlfield tag="005">20130513152217.0</marc:controlfield>
        <marc:controlfield tag="008">1305134u    8   1001uu   0901128</marc:controlfield>
        <marc:datafield tag="852" ind1="8" ind2=" ">
            <marc:subfield code="b">elf1</marc:subfield>
            <marc:subfield code="h">Electronic Resource</marc:subfield>
        </marc:datafield>
    </marc:record>
</marc:collection>
